Quarter,Revenue,Expenses,Profit,Customers,ARPU
Q1 2024,2500000,1800000,700000,950,132
Q2 2024,3100000,2200000,900000,1150,135
Q3 2024,3800000,2600000,1200000,1400,143
Q4 2024,4200000,2900000,1300000,1650,156
Q1 2023,2000000,1600000,400000,800,125
Q2 2023,2300000,1750000,550000,900,128
Q3 2023,2700000,2000000,700000,1050,129
Q4 2023,3200000,2300000,900000,1200,133 